@book{knuth1984literate,
  title={Literate Programming},
  author={Knuth, Donald E.},
  year={1984},
  publisher={CSLI Lecture Notes, Stanford University}
}

@misc{rsync,
  author = {Andrew Tridgell and Paul Mackerras},
  title = {rsync: Fast, versatile, remote (and local) file-copying tool},
  url = {https://rsync.samba.org/}
}

@misc{jq,
  author = {Stephen Dolan},
  title = {jq: Command-line JSON processor},
  url = {https://stedolan.github.io/jq/}
}

@article{wilkinson2016fair,
  title={The FAIR Guiding Principles for scientific data management and stewardship},
  author={Wilkinson, Mark D and Dumontier, Michel and Aalbersberg, IJsbrand Jan and others},
  journal={Scientific data},
  volume={3},
  pages={160018},
  year={2016},
  publisher={Nature Publishing Group}
}

@misc{git,
  author = {Linus Torvalds and contributors},
  title = {Git - distributed version control system},
  url = {https://git-scm.com/}
}

@misc{docker,
  author = {Solomon Hykes and Docker, Inc.},
  title = {Docker: The open platform for developing, shipping, and running applications},
  url = {https://www.docker.com/}
}

@misc{openai_chatgpt,
  author = {OpenAI},
  title = {ChatGPT: Large language model trained by OpenAI},
  year = {2023},
  note = {Available at: \url{https://openai.com/chatgpt}},
  howpublished = {Online}
}
